<record><leader>00000cas a2200000 a 4500</leader><controlfield tag="001">32988198</controlfield><controlfield tag="007">hd afu---buua</controlfield><controlfield tag="008">950815d1967196ucauer nea     0    0eng c</controlfield><datafield ind1=" " ind2=" " tag="010"><subfield code="a">  2004252810</subfield></datafield><datafield ind1=" " ind2=" " tag="040"><subfield code="a">CSL</subfield><subfield code="b">eng</subfield><subfield code="c">CSL</subfield><subfield code="d">OCL</subfield><subfield code="d">WAU</subfield><subfield code="d">OCL</subfield><subfield code="d">OCLCQ</subfield><subfield code="d">OCLCF</subfield><subfield code="d">OCLCQ</subfield></datafield><datafield ind1=" " ind2=" " tag="042"><subfield code="a">pcc</subfield></datafield><datafield ind1=" " ind2=" " tag="043"><subfield code="a">n-us-ca</subfield></datafield><datafield ind1="0" ind2="4" tag="245"><subfield code="a">The Haight Ashbury maverick.</subfield></datafield><datafield ind1="3" ind2="0" tag="246"><subfield code="a">Maverick</subfield></datafield><datafield ind1=" " ind2=" " tag="260"><subfield code="a">San Francisco :</subfield><subfield code="b">Strait and Association,</subfield><subfield code="c">&#169;1967-</subfield></datafield><datafield ind1=" " ind2=" " tag="300"><subfield code="a">volumes :</subfield><subfield code="b">illustrations</subfield></datafield><datafield ind1=" " ind2=" " tag="310"><subfield code="a">Biweekly</subfield></datafield><datafield ind1=" " ind2=" " tag="336"><subfield code="a">text</subfield><subfield code="b">txt</subfield><subfield code="2">rdacontent</subfield></datafield><datafield ind1=" " ind2=" " tag="337"><subfield code="a">microform</subfield><subfield code="b">h</subfield><subfield code="2">rdamedia</subfield></datafield><datafield ind1=" " ind2=" " tag="338"><subfield code="a">microfilm reel</subfield><subfield code="b">hd</subfield><subfield code="2">rdacarrier</subfield></datafield><datafield ind1="0" ind2=" " tag="362"><subfield code="a">Vol. 1, no. 4-</subfield></datafield><datafield ind1=" " ind2=" " tag="500"><subfield code="a">Title from cover.</subfield></datafield><datafield ind1=" " ind2=" " tag="588"><subfield code="a">Latest issue consulted: Vol. 1, no. 6, c1967.</subfield></datafield><datafield ind1=" " ind2=" " tag="533"><subfield code="a">Microfilm.</subfield><subfield code="b">[Berkeley, Calif. :</subfield><subfield code="c">University of California, Library Photographic Service],</subfield><subfield code="d">1990.</subfield><subfield code="e">1 microfilm reel ; 35 mm.</subfield><subfield code="f">(San Francisco/Bay Area gay and lesbian serial collection).</subfield><subfield code="n">Issued with other titles.</subfield></datafield><datafield ind1=" " ind2="0" tag="650"><subfield code="a">Social movements</subfield><subfield code="z">California</subfield><subfield code="z">San Francisco Bay Area</subfield><subfield code="v">Periodicals.</subfield></datafield><datafield ind1=" " ind2="0" tag="650"><subfield code="a">Gay liberation movement</subfield><subfield code="z">California</subfield><subfield code="z">San Francisco Bay Area</subfield><subfield code="v">Periodicals.</subfield></datafield><datafield ind1=" " ind2="0" tag="650"><subfield code="a">Hippies</subfield><subfield code="z">California</subfield><subfield code="z">San Francisco Bay Area</subfield><subfield code="v">Periodicals.</subfield></datafield><datafield ind1=" " ind2="0" tag="650"><subfield code="a">Gays</subfield><subfield code="z">California</subfield><subfield code="z">San Francisco Bay Area</subfield><subfield code="v">Periodicals.</subfield></datafield><datafield ind1=" " ind2="0" tag="651"><subfield code="a">Haight-Ashbury (San Francisco, Calif.)</subfield><subfield code="v">Periodicals.</subfield></datafield><datafield ind1=" " ind2="7" tag="650"><subfield code="a">Gay liberation movement.</subfield><subfield code="2">fast</subfield><subfield code="0">(OCoLC)fst00939104</subfield></datafield><datafield ind1=" " ind2="7" tag="650"><subfield code="a">Gays.</subfield><subfield code="2">fast</subfield><subfield code="0">(OCoLC)fst00939255</subfield></datafield><datafield ind1=" " ind2="7" tag="650"><subfield code="a">Hippies.</subfield><subfield code="2">fast</subfield><subfield code="0">(OCoLC)fst00957243</subfield></datafield><datafield ind1=" " ind2="7" tag="650"><subfield code="a">Social movements.</subfield><subfield code="2">fast</subfield><subfield code="0">(OCoLC)fst01122657</subfield></datafield><datafield ind1=" " ind2="7" tag="651"><subfield code="a">California</subfield><subfield code="z">San Francisco Bay Area.</subfield><subfield code="2">fast</subfield><subfield code="0">(OCoLC)fst01242397</subfield></datafield><datafield ind1=" " ind2="7" tag="651"><subfield code="a">California</subfield><subfield code="z">San Francisco</subfield><subfield code="z">Haight-Ashbury.</subfield><subfield code="2">fast</subfield><subfield code="0">(OCoLC)fst01322893</subfield></datafield><datafield ind1=" " ind2="0" tag="655"><subfield code="a">Underground periodicals</subfield><subfield code="z">California</subfield><subfield code="z">San Francisco.</subfield></datafield><datafield ind1=" " ind2="7" tag="655"><subfield code="a">Periodicals.</subfield><subfield code="2">fast</subfield><subfield code="0">(OCoLC)fst01411641</subfield></datafield><datafield ind1="1" ind2=" " tag="776"><subfield code="c">Original</subfield><subfield code="w">(DLC)sn 87060237</subfield><subfield code="w">(OCoLC)14764069</subfield></datafield><datafield ind1="0" ind2="0" tag="780"><subfield code="t">San Francisco maverick</subfield><subfield code="w">(DLC)  2004252809</subfield></datafield><datafield ind1="0" ind2="0" tag="785"><subfield code="t">Haight Ashbury tribune</subfield></datafield><datafield ind1=" " ind2="0" tag="830"><subfield code="a">San Francisco Bay Area gay and lesbian serial collection.</subfield></datafield><datafield ind1="1" ind2=" " tag="029"><subfield code="a">AU@</subfield><subfield code="b">000026456102</subfield></datafield></record>